<record><leader>00000cas a2200000 a 4500</leader><controlfield tag="001">5116644</controlfield><controlfield tag="008">790628d19221944txumr pe      0    0eng c</controlfield><datafield ind1=" " ind2=" " tag="010"><subfield code="a">sn 86090806 </subfield></datafield><datafield ind1=" " ind2=" " tag="040"><subfield code="a">TXA</subfield><subfield code="b">eng</subfield><subfield code="c">TXA</subfield><subfield code="d">PPM</subfield><subfield code="d">OCL</subfield><subfield code="d">DLC</subfield><subfield code="d">IXA</subfield><subfield code="d">OCLCF</subfield><subfield code="d">OCLCO</subfield></datafield><datafield ind1="1" ind2=" " tag="029"><subfield code="a">AU@</subfield><subfield code="b">000026518203</subfield></datafield><datafield ind1=" " ind2=" " tag="042"><subfield code="a">pcc</subfield></datafield><datafield ind1=" " ind2=" " tag="043"><subfield code="a">n-us-tx</subfield></datafield><datafield ind1="1" ind2="4" tag="050"><subfield code="a">S451.T4</subfield><subfield code="b">F54</subfield></datafield><datafield ind1=" " ind2="4" tag="082"><subfield code="a">630.5</subfield></datafield><datafield ind1="0" ind2="0" tag="245"><subfield code="a">Fletcher's farming.</subfield></datafield><datafield ind1="1" ind2="7" tag="246"><subfield code="a">Fletcher's state rights farming</subfield></datafield><datafield ind1="1" ind2=" " tag="246"><subfield code="a">Fletcher's farming state rights</subfield></datafield><datafield ind1=" " ind2=" " tag="260"><subfield code="a">Hondo, Tex. :</subfield><subfield code="b">Fletcher Davis</subfield></datafield><datafield ind1=" " ind2=" " tag="300"><subfield code="a">v. :</subfield><subfield code="b">ill. ;</subfield><subfield code="c">38 cm.</subfield></datafield><datafield ind1=" " ind2=" " tag="310"><subfield code="a">Monthly</subfield></datafield><datafield ind1="1" ind2=" " tag="362"><subfield code="a">Began with Vol. 1, no. 1 (July 1922); ceased with vol. 22, no. 10 (July/Aug. 1944).</subfield></datafield><datafield ind1=" " ind2=" " tag="500"><subfield code="a">"Farming must pay or the nation will perish -- Geo. B. Terrell."</subfield></datafield><datafield ind1=" " ind2=" " tag="588"><subfield code="a">Description based on: Vol. 12, no. 5 (Dec. 1, 1933); title from caption.</subfield></datafield><datafield ind1=" " ind2=" " tag="588"><subfield code="a">Latest issue consulted: Vol. 21, no. 5 (Dec. 1, 1942).</subfield></datafield><datafield ind1=" " ind2="0" tag="650"><subfield code="a">Agriculture</subfield><subfield code="z">Texas</subfield><subfield code="v">Periodicals.</subfield></datafield><datafield ind1=" " ind2="0" tag="650"><subfield code="a">Agriculture</subfield><subfield code="v">Periodicals.</subfield></datafield><datafield ind1=" " ind2="7" tag="655"><subfield code="a">Periodicals.</subfield><subfield code="2">fast</subfield><subfield code="0">(OCoLC)fst01411641</subfield></datafield><datafield ind1=" " ind2="7" tag="650"><subfield code="a">Agriculture.</subfield><subfield code="2">fast</subfield><subfield code="0">(OCoLC)fst00801355</subfield></datafield><datafield ind1=" " ind2="7" tag="651"><subfield code="a">Texas.</subfield><subfield code="2">fast</subfield><subfield code="0">(OCoLC)fst01210336</subfield></datafield></record>